<?xml version="1.0" encoding="UTF-8"?>
<record xmlns="http://www.loc.gov/MARC21/slim" xmlns:xsi="http://www.w3.org/2001/XMLSchema-instance" xsi:schemaLocation="http://www.loc.gov/MARC21/slim http://www.loc.gov/standards/marcxml/schema/MARC21slim.xsd">
<leader>     cam a2200385   4500</leader>
<controlfield tag="001">002657436</controlfield>
<controlfield tag="003">NNU</controlfield>
<controlfield tag="005">19940713181853.0</controlfield>
<controlfield tag="008">830613s1954    tu       b   f000 0 ara</controlfield>
<datafield tag="010" ind1=" " ind2=" ">
<subfield code="a">59034996</subfield>
</datafield>
<datafield tag="035" ind1="9" ind2=" ">
<subfield code="a">NYUb10345429</subfield>
</datafield>
<datafield tag="035" ind1=" " ind2=" ">
<subfield code="a">GLIS003454296</subfield>
</datafield>
<datafield tag="035" ind1=" " ind2=" ">
<subfield code="a">(CStRLIN)NYUG83-B16349</subfield>
</datafield>
<datafield tag="040" ind1=" " ind2=" ">
<subfield code="c">NNU</subfield>
<subfield code="d">NNU</subfield>
</datafield>
<datafield tag="041" ind1="0" ind2=" ">
<subfield code="a">araeng</subfield>
</datafield>
<datafield tag="050" ind1="0" ind2=" ">
<subfield code="a">PN185</subfield>
<subfield code="b">.J84</subfield>
</datafield>
<datafield tag="090" ind1=" " ind2=" ">
<subfield code="i">05/19/88 T</subfield>
<subfield code="h">03/26/84 CT</subfield>
<subfield code="h">01/09/84 CT</subfield>
</datafield>
<datafield tag="100" ind1="1" ind2=" ">
<subfield code="a">Jurjānī, ʻAbd al-Qāhir ibn ʻAbd al-Raḥmān,</subfield>
<subfield code="d">d. 1078?</subfield>
</datafield>
<datafield tag="245" ind1="1" ind2="0">
<subfield code="a">Asrār al-balāgha,</subfield>
<subfield code="b">The mysteries of eloquence, of ʻAbdal-qāhir al-Jurjānī.</subfield>
<subfield code="c">Edited by Hellmut Ritter.</subfield>
</datafield>
<datafield tag="260" ind1=" " ind2=" ">
<subfield code="a">Istanbul,</subfield>
<subfield code="b">Govt. Press,</subfield>
<subfield code="c">1954.</subfield>
</datafield>
<datafield tag="300" ind1=" " ind2=" ">
<subfield code="a">26 p. 11, 485 p.</subfield>
<subfield code="c">25 cm.</subfield>
</datafield>
<datafield tag="490" ind1="1" ind2=" ">
<subfield code="a">Istanbul Universitesi yayinlarindan,</subfield>
<subfield code="v">no.601</subfield>
</datafield>
<datafield tag="490" ind1="1" ind2=" ">
<subfield code="a">Edebiyat Fakültesı, Şarkiyat Enstitüsü neşriyatı.</subfield>
</datafield>
<datafield tag="500" ind1=" " ind2=" ">
<subfield code="a">Added t.p.: Kitāb asrār al-balāgah li-ʻAbd al-Qāhir al-Jurjānī. Taḥqīq H. Rītar.</subfield>
</datafield>
<datafield tag="504" ind1=" " ind2=" ">
<subfield code="a">"Fihris asmāʼ al-kutub al-madhkūrah fī al-ḥawāshī"- p. [468]-485.</subfield>
</datafield>
<datafield tag="650" ind1=" " ind2="0">
<subfield code="a">Rhetoric.</subfield>
</datafield>
<datafield tag="700" ind1="1" ind2=" ">
<subfield code="a">Ritter, Hellmut,</subfield>
<subfield code="d">1892-1971.</subfield>
</datafield>
<datafield tag="740" ind1="0" ind2=" ">
<subfield code="a">Asrār al-balāghah.</subfield>
</datafield>
<datafield tag="830" ind1=" " ind2="0">
<subfield code="a">İstanbul Üniversitesi yayınları ;</subfield>
<subfield code="v">no. 601.</subfield>
</datafield>
<datafield tag="OWN" ind1=" " ind2=" ">
<subfield code="a">GENERAL</subfield>
</datafield>
<datafield tag="910" ind1=" " ind2=" ">
<subfield code="a">Relator deleted from field 700.</subfield>
</datafield>
<datafield tag="950" ind1=" " ind2=" ">
<subfield code="l">BMAIN</subfield>
<subfield code="a">PN185</subfield>
<subfield code="b">.J84</subfield>
<subfield code="i">05/19/88 N</subfield>
<subfield code="h">03/26/84 C</subfield>
<subfield code="h">01/09/84 C</subfield>
</datafield>
<datafield tag="950" ind1=" " ind2=" ">
<subfield code="l">KEV</subfield>
<subfield code="a">PN185</subfield>
<subfield code="b">.J84</subfield>
<subfield code="h">03/26/84 C</subfield>
</datafield>
<datafield tag="955" ind1=" " ind2=" ">
<subfield code="l">BMAIN</subfield>
<subfield code="c">1</subfield>
<subfield code="h">01/09/84 C</subfield>
</datafield>
<datafield tag="955" ind1=" " ind2=" ">
<subfield code="l">BMAIN</subfield>
<subfield code="c">2</subfield>
<subfield code="h">01/09/84 C</subfield>
</datafield>
<datafield tag="955" ind1=" " ind2=" ">
<subfield code="l">KEV</subfield>
<subfield code="c">1</subfield>
<subfield code="h">03/26/84 C</subfield>
</datafield>
<datafield tag="998" ind1=" " ind2=" ">
<subfield code="a">05/19/88</subfield>
<subfield code="t">b</subfield>
<subfield code="s">9118</subfield>
<subfield code="n">NNU</subfield>
<subfield code="w">NYUG83B16349</subfield>
<subfield code="d">06/13/83</subfield>
<subfield code="b">AAK</subfield>
<subfield code="i">880519</subfield>
<subfield code="h">840326</subfield>
<subfield code="h">840109</subfield>
<subfield code="l">NYUG</subfield>
</datafield>
<datafield tag="AVA" ind1=" " ind2=" ">
<subfield code="a">NYU50</subfield>
<subfield code="b">BOBST</subfield>
<subfield code="c">Main Collection</subfield>
<subfield code="d">PN185 .J84</subfield>
<subfield code="e">unavailable</subfield>
<subfield code="t">Unavailable</subfield>
<subfield code="f">1</subfield>
<subfield code="g">1</subfield>
<subfield code="h">N</subfield>
<subfield code="i">5</subfield>
<subfield code="j">MAIN</subfield>
<subfield code="k">0</subfield>
</datafield>
<datafield tag="AVA" ind1=" " ind2=" ">
<subfield code="a">NYU50</subfield>
<subfield code="b">NKEV</subfield>
<subfield code="c">Main Collection</subfield>
<subfield code="d">PN185 .J84 Non-circulating</subfield>
<subfield code="e">available</subfield>
<subfield code="t">Available</subfield>
<subfield code="f">1</subfield>
<subfield code="g">0</subfield>
<subfield code="h">N</subfield>
<subfield code="i">0</subfield>
<subfield code="j">MAIN</subfield>
<subfield code="k">0</subfield>
</datafield>
</record>
